@report{abed2013ead,
  title={CENSO EAD.BR 2013},
  organization={ASSOCIA{\c C}\~AO BRASILEIRA DE EDUCA{\c C}\~AO A DIST\^ANCIA},
  org-short={ABED},
  sub-title={Relat{\'o}rio Anal{\'\i}tico da Aprendizagem a Dist{\^a}ncia no Brasil},
  urlaccessdate={13 jan. 2019},
  url={http://www.abed.org.br/censoead2013/CENSO_EAD_2013_PORTUGUES.pdf},
  year={2014}
}

@report{abed2014ead,
  title={CENSO EAD.BR 2014},
  organization={ASSOCIA{\c C}\~AO BRASILEIRA DE EDUCA{\c C}\~AO A DIST\^ANCIA},
  org-short={ABED},
  subtitle={Relat{\'o}rio Anal{\'\i}tico da Aprendizagem a Dist{\^a}ncia no Brasil},
  urlaccessdate={13 jan. 2019},
  url={http://www.abed.org.br/censoead2014/CensoEAD2014_portugues.pdf},
  year={2015}
}

@report{abed2015ead,
  title={CENSO EAD.BR 2015},
  organization={ASSOCIA{\c C}\~AO BRASILEIRA DE EDUCA{\c C}\~AO A DIST\^ANCIA},
  org-short={ABED},
  subtitle={Relat{\'o}rio Anal{\'\i}tico da Aprendizagem a Dist{\^a}ncia no Brasil},
  urlaccessdate={13 jan. 2019},
  url={http://abed.org.br/arquivos/Censo_EAD_2015_POR.pdf},
  year={2016}
}

@report{abed2016ead,
  title={CENSO EAD.BR 2016},
  organization={ASSOCIA{\c C}\~AO BRASILEIRA DE EDUCA{\c C}\~AO A DIST\^ANCIA},
  org-short={ABED},
  subtitle={Relat{\'o}rio Anal{\'\i}tico da Aprendizagem a Dist{\^a}ncia no Brasil},
  urlaccessdate={13 jan. 2019},
  url={http://abed.org.br/censoead2016/Censo_EAD_2016_portugues.pdf},
  year={2017}
}

@article{bailey1978note,
  title={A note on distance-weighted $ k $-nearest neighbor rules},
  author={Bailey, T and Jain, AK},
  journal={IEEE Transactions on Systems, Man, and Cybernetics},
  number={4},
  pages={311--313},
  year={1978}
}

@article{baker2010data,
  title={Data mining for education},
  author={Baker, RSJD and others},
  journal={International encyclopedia of education},
  volume={7},
  number={3},
  pages={112--118},
  year={2010},
  publisher={Elsevier Oxford, UK}
}

@article{baker2011mineraccao,
  title={Minera{\c{c}}ao de dados educacionais: Oportunidades para o brasil},
  author={Baker, Ryan and Isotani, Seiji and Carvalho, Adriana},
  journal={Brazilian Journal of Computers in Education},
  volume={19},
  number={02},
  pages={03},
  year={2011}
}

@article{benson2009addressing,
  title={Addressing the context of e-learning: using transactional distance theory to inform design},
  author={Benson, Robyn and Samarawickrema, Gayani},
  journal={Distance Education},
  volume={30},
  number={1},
  pages={5--21},
  year={2009},
  publisher={Taylor \& Francis}
}

@article{boyd1980redefining,
  title={Redefining the discipline of adult education},
  author={Boyd, Robert Dean and Apps, Jerold W},
  journal={The AEA Handbook Series in Adult Education},
  year={1980},
  publisher={Jossey-Bass,}
}

@article{cabau2018teoria,
  title={A Teoria da Dist{\^a}ncia Transacional: um mapeamento de teses e disserta{\c{c}}{\~o}es brasileiras (The Theory of Transactional Distance: a mapping of Brazilian theses and dissertations)},
  author={Cabau, Nubia Carla Ferreira and Costa, Maria Luisa Furlan},
  journal={Revista Eletr{\^o}nica de Educa{\c{c}}{\~a}o},
  volume={12},
  number={2},
  pages={431--447},
  year={2018}
}

@book{cabena1997discovering,
  title={Discovering data mining: from concept to implementation},
  author={Cabena, Peter and Hadjinian, Pablo and Stadler, Rolf and Verhees, Jaap and Zanasi, Alessandro and International Business Machines Corporation (San Jose, California). and International Technical Support Organization (San Jose, California).},
  year={1997},
  publisher={Prentice Hall PTR New Jersey}
}

@article{chen1999dimensions,
  title={Dimensions of educational transactions in a videoconferencing learning environment},
  author={Chen, Yau-Jane and Willits, Fern K},
  journal={American Journal of Distance Education},
  volume={13},
  number={1},
  pages={45--59},
  year={1999},
  publisher={Taylor \& Francis}
}

@article{costa2012mineraccao,
  title={Minera{\c{c}}{\~a}o de dados educacionais: conceitos, t{\'e}cnicas, ferramentas e aplica{\c{c}}{\~o}es},
  author={Costa, Evandro and Baker, Ryan SJd and Amorim, Lucas and Magalh{\~a}es, Jonathas and Marinho, Tarsis},
  journal={Jornada de Atualiza{\c{c}}{\~a}o em Inform{\'a}tica na Educa{\c{c}}{\~a}o},
  volume={1},
  number={1},
  pages={1--29},
  year={2012}
}

@article{cover1967nearest,
  title={Nearest neighbor pattern classification},
  author={Cover, Thomas M and Hart, Peter E and others},
  journal={IEEE transactions on information theory},
  volume={13},
  number={1},
  pages={21--27},
  year={1967},
  publisher={Menlo Park}
}

@book{dewey1960knowing,
  title={Knowing and the known},
  author={Dewey, John and Bentley, Arthur Fisher},
  number={111},
  year={1960},
  publisher={Beacon Press Boston}
}

@article{fayyad1996data,
  title={From data mining to knowledge discovery in databases},
  author={Fayyad, Usama and Piatetsky-Shapiro, Gregory and Smyth, Padhraic},
  journal={AI magazine},
  volume={17},
  number={3},
  pages={37},
  year={1996}
}

@techreport{fix1951discriminatory,
  title={Discriminatory analysis-nonparametric discrimination: consistency properties},
  author={Fix, Evelyn and Hodges, Joseph L},
  year={1951},
  institution={California Univ Berkeley}
}

@article{gil2002elaborar,
  title={Como elaborar projetos de pesquisa},
  author={Gil, Antonio Carlos},
  journal={S{\~a}o Paulo},
  volume={5},
  number={61},
  pages={16--17},
  year={2002}
}

@book{gil2008metodos,
  title={M{\'e}todos e t{\'e}cnicas de pesquisa social},
  author={Gil, Antonio Carlos},
  year={2008},
  edition={6},
  publisher={Editora Atlas SA SA}
}

@article{goel2012transactional,
  title={Transactional distance revisited: Bridging face and empirical validity},
  author={Goel, Lakshmi and Zhang, Pingying and Templeton, Marjory},
  journal={Computers in Human Behavior},
  volume={28},
  number={4},
  pages={1122--1129},
  year={2012},
  publisher={Elsevier}
}

@book{hair2009analise,
  title={An{\'a}lise multivariada de dados},
  author={Hair, Joseph F and Black, William C and Babin, Barry J and Anderson, Rolph E and Tatham, Ronald L},
  year={2009},
  publisher={Bookman Editora}
}

@article{horzum2011developing,
  title={Developing transactional distance scale and examining transactional distance perception of blended learning students in terms of different variables.},
  author={Horzum, Mehmet Baris},
  journal={Educational sciences: Theory and practice},
  volume={11},
  number={3},
  pages={1582--1587},
  year={2011},
  publisher={ERIC}
}

@article{huang2016understanding,
  title={Understanding transactional distance in web-based learning environments: An empirical study},
  author={Huang, Xiaoxia and Chandra, Aruna and DePaolo, Concetta A and Simmons, Lakisha L},
  journal={British Journal of Educational Technology},
  volume={47},
  number={4},
  pages={734--747},
  year={2016},
  publisher={Wiley Online Library}
}

@book{james2013introduction,
  title={An introduction to statistical learning},
  author={James, Gareth and Witten, Daniela and Hastie, Trevor and Tibshirani, Robert},
  volume={112},
  year={2013},
  publisher={Springer}
}

@article{kleinbaum2002analysis,
  title={Analysis of matched data using logistic regression},
  author={Kleinbaum, David G and Klein, Mitchel},
  journal={Logistic regression: A self-learning text},
  pages={227--265},
  year={2002},
  publisher={Springer}
}

@inproceedings{klosgen2002knowledge,
  title={The knowledge discovery process},
  author={Kl{\"o}sgen, Willi and Zytkow, Jan M},
  booktitle={Handbook of data mining and knowledge discovery},
  pages={10--21},
  year={2002},
  organization={Oxford University Press, Inc.}
}

@inproceedings{lewis2000introduction,
  title={An introduction to classification and regression tree (CART) analysis},
  author={Lewis, Roger J},
  booktitle={Annual meeting of the society for academic emergency medicine in San Francisco, California},
  volume={14},
  year={2000}
}

@article{manhaes2011previsao,
  title={Previs{\~a}o de estudantes com risco de evas{\~a}o utilizando t{\'e}cnicas de minera{\c{c}}{\~a}o de dados},
  author={Manh{\~a}es, Laci Mary Barbosa and Da Cruz, S{\'e}rgio Manuel Serra and Costa, Raimundo J Mac{\'a}rio and Zavaleta, Jorge and Zimbr{\~a}o, Geraldo},
  journal={Simp{\'o}sio Brasileiro de Inform{\'a}tica na Educa{\c{c}}{\~a}o-SBIE},
  year={2011}
}

@article{manhaes2012identificaccao,
  title={Identifica{\c{c}}{\~a}o dos fatores que influenciam a evas{\~a}o em cursos de gradua{\c{c}}{\~a}o atrav{\'e}s de sistemas baseados em minera{\c{c}}{\~a}o de dados: Uma abordagem quantitativa},
  author={Manh{\~a}es, Laci and Cruz, SMS and Costa, Raimundo J Mac{\'a}rio and Zavaleta, Jorge and Zimbr{\~a}o, Geraldo},
  journal={Anais do VIII Simp{\'o}sio Brasileiro de Sistemas de Informa{\c{c}}{\~a}o, S{\~a}o Paulo},
  year={2012}
}

@book{marconi2003fundamentos,
  title={Fundamentos de Metodologia Cient{\'i}fica},
  author={Marconi, Marina de Andrade and Lakatos, Eva Maria},
  year={2003},
  publisher={Editora Atlas SA},
  edition={5},
  address={S{\~a}o Paulo}
}

@article{mbwesa2014transactional,
  title={Transactional distance as a predictor of perceived learner satisfaction in distance learning courses: A case study of bachelor of education arts program, University of Nairobi, Kenya},
  author={Mbwesa, Joyce Kanini},
  journal={Journal of Education and Training Studies},
  volume={2},
  number={2},
  pages={176--188},
  year={2014}
}

@article{moore1972learner,
  title={Learner autonomy: The second dimension of independent learning},
  author={Moore, Michael Grahame},
  journal={Convergence},
  volume={5},
  number={2},
  pages={76},
  year={1972},
  publisher={International Council for Adult Education}
}

@incollection{moore1973transational,
  title={The Theory of Transactional Distance},
  author={Moore, Michael Grahame},
  booktitle={Handbook of distance education},
  year={1973, 1993, 2013},
  publisher={Routledge}
}

@article{moore2008teoria,
  author={Moore, Michael Grahame},
  title={Teoria da Distância Transacional},
  journal={Revista Brasileira de Aprendizagem Aberta e a Distância},
  volume={1},
  number={0},
  year={2008},
  issn={1806-1362},	doi={10.17143/rbaad.v1i0.111},
  url={http://seer.abed.net.br/index.php/RBAAD/article/view/111}
}

@article{paul2015revisiting,
  title={Revisiting Zhang’s scale of transactional distance: Refinement and validation using structural equation modeling},
  author={Paul, Ravi C and Swart, William and Zhang, Aixiu Monica and MacLeod, Kenneth R},
  journal={Distance Education},
  volume={36},
  number={3},
  pages={364--382},
  year={2015},
  publisher={Taylor \& Francis}
}

@inproceedings{paz2017identificando,
  title={Identificando o perfil de evas{\~a}o de alunos de gradua{\c{c}}{\~a}o atrav{\'e}s da Minera{\c{c}}{\~a}o de dados Educacionais: um estudo de caso de uma Universidade Comunit{\'a}ria},
  author={Paz, F{\'a}bio and Cazella, S{\'\i}lvio},
  booktitle={Anais dos Workshops do Congresso Brasileiro de Inform{\'a}tica na Educa{\c{c}}{\~a}o},
  volume={6},
  number={1},
  pages={624},
  year={2017}
}

@article{peterson2009knn,
  author={Peterson, L. E.},
  title={{K}-nearest neighbor},
  year={2009},
  journal={Scholarpedia},
  volume={4},
  number={2},
  pages={1883},
  doi={10.4249/scholarpedia.1883},
  note={revision \#137311}
}

@article{queiroga2018modelo,
  title={Modelo de Predi{\c{c}}{\~a}o da Evas{\~a}o de Estudantes em Cursos T{\'e}cnicos a Dist{\^a}ncia a partir da Contagem de Intera{\c{c}}{\~o}es},
  author={Queiroga, Emanuel Marques and Lopes, Jo{\~a}o Ladislau Barbar{\'a} and de Ara{\'u}jo, Ricardo Matsumura and Cechinel, Cristian},
  journal={Revista Thema},
  volume={15},
  number={2},
  pages={425--438},
  year={2018}
}

@phdthesis{ramos2016abordagem,
  title={Uma abordagem preditiva da evas{\~a}o na educa{\c{c}}{\~a}o a dist{\^a}ncia a partir dos construtos da dist{\^a}ncia transacional},
  author={Ramos, Jorge Luis Cavalcanti},
  year={2016},
  school={Universidade Federal de Pernambuco},
}

@inproceedings{ramos2018estudo,
  title={Um estudo comparativo de classificadores na previs{\~a}o da evas{\~a}o de alunos em EAD},
  author={Ramos, Jorge Luis Cavalcanti and Silva, Jo{\~a}o and Prado, Leonardo and Gomes, Alex and Rodrigues, Rodrigo},
  booktitle={Brazilian Symposium on Computers in Education (Simp{\'o}sio Brasileiro de Inform{\'a}tica na Educa{\c{c}}{\~a}o-SBIE)},
  volume={29},
  number={1},
  pages={1463},
  year={2018}
}

@inproceedings{ramos2016mapeamento,
  title={Mapeamento de dados de um LMS para medida de construtos da dist{\^a}ncia transacional},
  author={Ramos, Jorge Luis Cavalcanti and Silva, Jo{\~a}o and Rodrigues, Rodrigo and Gomes, Alex Sandro and de Souza, Fernando da Fonseca},
  booktitle={Brazilian Symposium on Computers in Education (Simp{\'o}sio Brasileiro de Inform{\'a}tica na Educa{\c{c}}{\~a}o-SBIE)},
  volume={27},
  number={1},
  pages={1056},
  year={2016}
}

@article{romero2013data,
  title={Data mining in education},
  author={Romero, Cristobal and Ventura, Sebastian},
  journal={Wiley Interdisciplinary Reviews: Data Mining and Knowledge Discovery},
  volume={3},
  number={1},
  pages={12--27},
  year={2013},
  publisher={Wiley Online Library}
}

@book{rumble1986planning,
  title={The planning and management of distance education},
  author={Rumble, Greville},
  year={1986},
  publisher={Croom Helm}
}

@article{russell2011artificial,
  title={Artificial Intelligence A Modern Approach 3rd Edition Pdf},
  author={Russell, Stuart and Norvig, Peter},
  journal={Hong Kong: Pearson Education Asia},
  year={2011}
}

@report{semesp2015mapa,
  title={Mapa do Ensino Superior no Brasil --- 2015},
  organization={SINDICATO DAS MANTENEDORAS DO ENSINO SUPERIOR},
  org-short={SEMESP},
  urlaccessdate={21 jan. 2019},
  url={http://convergenciacom.net/pdf/mapa-ensino-superior-brasil-2015.pdf},
  year={2015}
}

@report{semesp2016mapa,
  title={Mapa do Ensino Superior no Brasil --- 2016},
  organization={SINDICATO DAS MANTENEDORAS DO ENSINO SUPERIOR},
  org-short={SEMESP},
  urlaccessdate={21 jan. 2019},
  url={http://convergenciacom.net/pdf/mapa_ensino_superior_2016.pdf},
  year={2016}
}

@article{csen2012predicting,
  title={Predicting and analyzing secondary education placement-test scores: A data mining approach},
  author={{\c{S}}en, Baha and U{\c{c}}ar, Emine and Delen, Dursun},
  journal={Expert Systems with Applications},
  volume={39},
  number={10},
  pages={9468--9476},
  year={2012},
  publisher={Elsevier}
}

@article{steinman2007educational,
  title={Educational experiences and the online student},
  author={Steinman, Debbie},
  journal={TechTrends},
  volume={51},
  number={5},
  pages={46--52},
  year={2007},
  publisher={Springer}
}

@incollection{suthaharan2016machine,
  title={Machine learning models and algorithms for big data classification},
  author={Suthaharan, Shan},
  booktitle={Integrated Series in Information Systems},
  volume={36},
  year={2016},
  publisher={Springer}
}

@book{tan2009introduccao,
  title={Introdu{\c{c}}{\~a}o ao datamining: minera{\c{c}}{\~a}o de dados},
  author={Tan, Pang-Ning and Steinbach, Michael and Kumar, Vipin},
  year={2009},
  publisher={Ci{\^e}ncia Moderna}
}

@book{zhang2003transactional,
  title={Transactional distance in web-based college learning environments: Toward measurement and theory construction},
  author={Zhang, Aixiu Monica},
  year={2003},
  publisher={Virginia Commonwealth University}
}